% Uvod 
    @webpage{example,
      author =       "Wireless Power Consortium",
      title =        "Název stránky",
      howpublished = "online",
      year =         "2024",
      url =          "https://www.wirelesspowerconsortium.com/",
      cited =        "2025-02-09"
    }

    @webpage{nxp_wireless_charging_team,
      author =       "Jan Hořák",
      title =        "Future-Proof MWCT Wireless Charging MCUs",
      howpublished = "online",
      publisher =    "NXP Semiconductors",
      year =         "2024",
      month =        12,
      url =          "https://www.fit.vut.cz/study/theses/theses-advice/",
      cited =        "2025-02-09"
    }

% Počátky záznamu a zpracování dat
    @webpage{ishango_picture,
      author =       "Johanna Pejlare and Kajsa Bråting",
      title =        "Writing the History of Mathematics: Interpretations of the Mathematics of the Past and Its Relation to the Mathematics of Today",
      howpublished = "online",
      year =         "2021",
      url =          "https://www.researchgate.net/publication/334988609_Writing_the_History_of_Mathematics_Interpretations_of_the_Mathematics_of_the_Past_and_Its_Relation_to_the_Mathematics_of_Today",
      cited =        "2025-02-14"
    }

    @webpage{knihtisk_medium,
      author =       "Hanák",
      title =        "Knihtisk: Příběh, Vliv a Význam v Dějinách Lidstva",
      howpublished = "online",
      year =         "2024",
      url =          "https://medium.seznam.cz/clanek/hanak-knihtisk-pribeh-vliv-a-vyznam-v-dejinach-lidstva-54035",
      cited =        "2025-02-15"
    }

    @Article{britanicca_John_Graunt,
        author = "Henry Connor",
        title = "John Graunt F.R.S. (1620-74): The founding father of human demography, epidemiology and vital statistics",
        journal = "Journal of Medical Biography",
        howpublished = "online",
        publisher = "SAGE Publications",
        version = "verze 1.0",
        month = 2,
        year = "2024",
        volume = {32},
        number = {1},
        pages = "57-69",
        cited = "2025-02-15",
        doi = "10.1177/09677720221079826",
        note ={PMID: 35167377},
        eprint = "https://doi.org/10.1177/09677720221079826",
        issn = "0967-7720",
        url = "https://journals.sagepub.com/doi/10.1177/09677720221079826"
    }

    @webpage{polygraph_picture,
      author =       "Donald A. Peterson",
      title =        "Program pacer",
      howpublished = "online",
      year =         "1980",
      url =          "https://patents.google.com/patent/US4333084",
      cited =        "2025-02-14"
    }

    @Article{newcastle_history_of_digital_computers,
        author = "Brian Randell",
        title = "The History of Digital Computers",
        journal = "“l’Histoire Générale des Techniques",
        howpublished = "online",
        publisher = "Springer Verlag, 1973",
        version = "edice 1",
        month = 2,
        year = "1973",
        volume = {3},
        pages = "57-69",
        cited = "2025-02-16",
        doi = "https://doi.org/10.1007/978-3-642-96145-8",
        isbn = "978-3-642-96145-8",
        url = "https://link.springer.com/book/10.1007/978-3-642-96145-8"
    } % TODO: Nejsem si jist tim DOI jestli tento clanek je soucasti knihy

    @MASTERSTHESIS{florian_prechod_a_analog_do_digital ,
      author = "Jan Theodor Florián",
      type = {Bakal{\'{a}}{\v{r}}sk{\'{a}} pr{\'{a}}ce},
      title = "Transformace simulátorů z analogové do digitální podoby s důrazem na rozvoj digitální formy a využití virtuální reality pro aplikace simulací v odvětví bezpečnostních složek",
      school = "Masarykova univerzita v Brně, Filozofická fakulta",
      year = {2018},
      location = {Brno, CZ},
      language = {czech},
      url = {https://is.muni.cz/th/p1bg7/}
    }

    @article{non_stop_double_buffering_mechanism,
    author = {Tan, Xu and Shen, Xiao-Wei and Ye, Xiao-Chun and Wang, Da and Fan, Dong-Rui and Zhang, Lunkai and Li, Wenming and Zhang, Zhi-Min and Tang, Zhimin},
    title = {A Non-Stop Double Buffering Mechanism for Dataflow Architecture},
    journal = {Journal of Computer Science and Technology},
    howpublished = "online",
    year = {2018},
    month = {01},
    pages = {145-157},
    volume = {33},
    doi = {10.1007/s11390-017-1747-6},
    url = "https://link.springer.com/article/10.1007/s11390-017-1747-6"
    }

    @INPROCEEDINGS{double_buffering_model,
      author={Sheeparamatti, R.B. and Sheeparamatti, B.G. and Bharamagoudar, Manjula and Ambali, Nayan},
      booktitle={IECON 2006 - 32nd Annual Conference on IEEE Industrial Electronics}, 
      title={Simulink Model for Double Buffering}, 
      year={2006},
      volume={},
      number={},
      pages={4593-4597},
      keywords={Mathematical model;Real time systems;Data acquisition;Data analysis;Computer graphics;Streaming media;Application software;Computer displays;Education;MATLAB;Double buffering;Simulink models},
      doi={10.1109/IECON.2006.348142}
    }

    @BOOK{basics_of_digital_forensics,
    author =       "John Sammons",
    title =        "The Basics of Digital Forensics",
    publisher =    "Syngress Publishing",
    edition =      "1",
    chapter =       "2",
    year =         "2012",
    doi = "https://doi.org/10.1016/C2010-0-68337-4",
    isbn =         "978-1-59749-661-2",
    url = "https://www.sciencedirect.com/book/9781597496612/the-basics-of-digital-forensics#book-info"
    } % zde v kapitole je popsan i FS

    @webpage{tech_target_nand_flash,
      author =       "Stephen J. Bigelow and Margaret Jones",
      title =        "NAND flash memory",
      howpublished = "online",
      publisher =    "TechTarget",
      year =         "2023",
      month =        5,
      url =          "https://www.techtarget.com/searchstorage/definition/NAND-flash-memory",
      cited = "2025-02-17"
    }

    @webpage{buffering_chang,
      author =       "Shi-Kuo Chang",
      title =        "Physical Structures",
      howpublished = "online",
      publisher =    "University of Pittsburgh - Department of Computer Science",
      url =          "https://people.cs.pitt.edu/~chang/156/08struct.html",
      cited = "2025-02-17"
    }

    @webpage{medium_ring_buffer,
      author =       "Ankita Kolhe",
      title =        "What is RingBuffer?",
      howpublished = "online",
      publisher =    "Medium",
      url =          "https://medium.com/@kolheankita15/what-is-ringbuffer-7b6b808f33e0",
      cited = "2025-02-18"
    }

    @webpage{embedjournal_ring_buffer,
      author =       "Siddharth Chandrasekaran",
      title =        "Implementing Circular Buffer in C",
      howpublished = "online",
      publisher =    "Embed Journal",
      url =          "https://embedjournal.com/implementing-circular-buffer-embedded-c/",
      cited = "2025-02-18"
    }

    @webpage{petrungaro_ring_buffer_complexity,
      author =       "Damiano Petrungaro",
      title =        "Data Structure - Circular buffer",
      howpublished = "online",
      publisher =    "damianopetrungaro",
      url = "https://www.damianopetrungaro.com/posts/data-structure-circular-buffer/",
      cited = "2025-02-18"
    }

    @article{non_volatile_memories,
	author = {Dileep Kumar},
	title = {A Study about Non-Volatile Memories},
	journal = {Preprints},
	publisher = {Preprints},
	year = 2016,
	month = {July},
	doi = {10.20944/preprints201607.0093.v1},
	url = {https://doi.org/10.20944/preprints201607.0093.v1}
    }

    @webpage{analog_devices_low_power_modes,
      author =       "Monica Redon",
      title =        "Strategies for Choosing the Appropriate Microcontroller when Developing Ultra Low Power Systems",
      howpublished = "online",
      publisher =    "embedded",
      year =         "2012",
      month =        3,
      url = "https://www.embedded.com/understanding-mcu-sleep-modes-and-energy-savings/",
      cited = "2025-02-18"
    }

    @article{analog_devices_low_power_modes,
    author =       "Monica Redon",
    title =        "Strategies for Choosing the Appropriate Microcontroller when Developing Ultra Low Power Systems",
	journal = {Analog Dialogue},
	publisher = {Analog Devices},
    volume={51},
    number={4},
	year = 2016,
    month = 12
    } % Nema DOI! Vychazi v casopise

    @webpage{embedded_low_power_modes,
      author =       "Anders Guldahl",
      title =        "Understanding MCU sleep modes and energy savings",
      howpublished = "online",
      publisher =    "embedded",
      year =         "2012",
      month =        3,
      url = "https://www.embedded.com/understanding-mcu-sleep-modes-and-energy-savings/",
      cited = "2025-02-18"
    }

% Examply
    @BOOK{Pravidla,
      author =       "Zdeněk Hlavsa and others",
      title =        "Pravidla českého pravopisu",
      publisher =    "Academia",
      edition =      "2",
      year =         "2009",
      isbn =         "80-200-1327-X",
    }
    
    @BOOK{Knuth,
      author =       "Donald E. Knuth",
      title =        "The {\TeX}book",
      publisher =    "Addison-Wesley Publishing Company",
      year =         "1996",
      isbn =         "0-201-13447-0",
    }
    
    @BOOK{Rybicka,
      author =       "Jiří Rybička",
      title =        "\LaTeX~pro začátečníky",
      publisher =    "Konvoj",
      edition =      "3",
      year =         "2003",
      isbn =         "80-7302-049-1",
    }

    @BOOK{Olsak,
      author =       "Petr Olšák",
      title =        "{\TeX}book naruby",
      publisher =    "Konvoj",
      year =         "2001",
      isbn =         "80-7302-0007-6",
    }

    @BOOK{Eikh,
      author =       "Victor Eikhout",
      title =        "{\TeX}by Topics, a {\TeX}nitian's Reference",
      publisher =    "Addison-Wesley UK",
      year =         "2001",
      isbn =         "0-201-56882-9",
    }

    @website{cstugWeb,
      author =       "Petr Sojka and others",
      title =        "Československé sdružení uživatelů {\TeX}u",
      howpublished = "online",
      url =          "http://www.cstug.cz",
      cited =        "2019-10-02"
    }

    @webpage{fitWeb,
      author =       "Zdena Rábová and Petr Hanáček and Petr Peringer and Petr Přikryl and Bohuslav Křena",
      title =        "Užitečné rady pro psaní práce",
      howpublished = "online",
      publisher =    "FIT VUT v~Brně",
      year =         "2008",
      month =        11,
      url =          "https://www.fit.vut.cz/study/theses/theses-advice/",
      cited =        "2019-10-02"
    }

    @webpage{citace,
      author =       "Zdena Rábová and Petr Hanáček and Petr Peringer and Petr Přikryl and Bohuslav Křena",
      title =        "Pravidla pro bibliografické citace",
      howpublished = "online",
      publisher =    "FIT VUT v Brně",
      year =         "2019",
      month =        3,
      url =          "https://www.fit.vut.cz/study/theses/citations/",
      cited =        "2019-10-02"
    }
   
    @MISC{biblio,
      author =       "Olga Biernátová and Jan Skůpa",
      title =        "Bibliografické odkazy a citace dokumentů",
      howpublished = "online",
      url =          "http://www.citace.com/download/CSN-ISO-690.pdf",
      publisher =    "Citace.com",
      month =        9,
      address =      "Brno",
      year =         "2011",
      cited =        "2019-10-02"
    }
   
    @webpage{formalniBP,
      author =       "Zdena Rábová and Petr Přikryl and Petr Peringer and Petr Lampa and Bohuslav Křena and jaroslav Dytrych and Petr Veigend",
      title =        "Pokyny k~bakalářským pracím a SZZ",
      howpublished = "online",
      year =         "2019",
      url =          "https://www.fit.vut.cz/study/theses/bachelor-theses/",
      cited =        "2019-10-02"
    }
   
    @webpage{formalniDP,
      author =       "Zdena Rábová and Petr Přikryl and Petr Peringer and Petr Lampa and Bohuslav Křena and jaroslav Dytrych and Petr Veigend",
      title =        "Pokyny k~diplomovým pracím a SZZ",
      howpublished = "online",
      year =         "2019",
      url =          "https://www.fit.vut.cz/study/theses/master-theses/",
      cited =        "2019-10-02"
    }
   
    @MISC{smernice,
      key =          "Szz",
      author =       "Petr Štěpánek",
      title =        "Směrnice rektora č. 72/2017 -- Úprava, odevzdávání a zveřejňování závěrečných prací",
      howpublished = "online",
      year =         "2017",
      url =          "https://www.vutbr.cz/uredni-deska/vnitrni-predpisy-a-dokumenty/smernice-c-72-2017-uprava-odevzdavani-a-zverejnovani-zaverecnych-praci-d161410",
      cited =        "2019-10-02"
    }
   
   @MISC{smerniceFIT,
      author =       "Pavel Zemčík",
      title =        "Směrnice děkana č. 7/2018 -- Úprava, odevzdávání a zveřejňování závěrečných prací na FIT VUT v Brně",
      howpublished = "online",
      year =         "2018",
      url =          "https://www.fit.vut.cz/fit/info/smernice/sm2018-07.pdf",
      cited =        "2019-10-02"
    }
   
    @website{prirucka,
      key =          "Cerna",
      author =       "Anna Černá and Jan Chromý and Hana Konečná and others",
      title =        "Internetová jazyková příručka -- Ústav pro jazyk český Akademie věd ČR, v. v. i.",
      howpublished = "online",
      publisher =    "Centrum zpracování přirozeného jazyka FI MU",
      year =         "2019",
      url =          "http://prirucka.ujc.cas.cz/",
      cited =        "2019-10-02"
    }
   
    @website{Herout,
      author =       "Adam Herout",
      title =        {herout.net -- Poznámky učitele, kouče, čtenáře.},
      howpublished = "online",
      year =         "2018",
      url =          "http://www.herout.net/",
      cited =        "2019-10-02"
    }
   
    @webpage{chyby,
      key =          "Szoke",
      author =       "Igor Szöke",
      title =        "Textová část BP/DP -- Lessons learned",
      howpublished = "online",
      year =         "2012",
      url =          "http://blog.igor.szoke.cz/2012/01/textova-cast-bpdp-lessons-learned-1.html",
      cited =        "2019-10-02"
    }
   
    @webpage{rady,
      key =          "Szoke",
      author =       "Igor Szöke",
      title =        "Píšete diplomku? 15+1 rad, které vám pomohou.",
      howpublished = "online",
      year =         "2011",
      url =          "http://blog.igor.szoke.cz/2011/12/pisete-diplomku-151-rad-ktere-vam.html",
      cited =        "2019-10-02"
    }
   
    @webpage{Beran,
      author =       "Vítězslav Beran",
      title =        "Beran-BP DP Projekty",
      howpublished = "online",
      year =         "2017",
      url =          "http://merlin.fit.vutbr.cz/wiki/index.php/Beran-BP_DP_Projekty",
      cited =        "2019-10-02"
    }

    @MISC{BeranPDF,
      author =       "Vítězslav Beran",
      title =        "Jak psát technickou zprávu",
      howpublished = "online",
      year =         "2013",
      url =          "http://www.fit.vutbr.cz/~beranv/podpora/Jak\%20psat\%20technickou\%20zpravu.pdf",
      cited =        "2019-10-00"
    }
   
    @webpage{Cernocky,
      key =          "Cernocky",
      author =       "Jan Černocký",
      title =        "Černocký BP DP -- obecně",
      howpublished = "online",
      year =         "2016",
      url =          "https://merlin.fit.vutbr.cz/wiki/index.php/Cernocky_BP_DP-obecne",
      publisher = "Wiki FIT VUT v Brně",
      cited =        "2019-10-02"
    }
   
    @webpage{CernockyEnglish,
      key =          "Cernocky",
      author =       "Jan Černocký",
      title =        "English SOS",
      howpublished = "online",
      year =         "2016",
      url =          "https://merlin.fit.vutbr.cz/wiki/index.php/English_SOS",
      cited =        "2019-10-02"
    }
   
    @MISC{Zemcik,
      author =       "Pavel Zemčík",
      title =        "Všeobecné pokyny pro studenty a vůbec",
      howpublished = "online",
      year =         "2012",
      url =          "http://www.fit.vutbr.cz/~zemcik/Pokyny.pdf",
      cited =        "2019-10-02"
    }
   
    @BOOK{Lebrun2011,
      author =       "Jean-Luc Lebrun",
      title =        "Scientific Writing 2.0: a reader and writer's guide",
      publisher =    "World Scientific Publishing",
      year =         "2011",
      edition =      "1",
      isbn =         "9814350605",
      owner =        "herout",
      timestamp =    "2015.01.20"
    }
  
    @MASTERSTHESIS{Pysny,
      author = {Radek Py{\v{s}}n{\'{y}}},
      type = {Bakal{\'{a}}{\v{r}}sk{\'{a}} pr{\'{a}}ce},
      title = {BiBTeX styl pro {\v{C}}SN ISO 690 a {\v{C}}SN ISO	690-2},
      school = {Vysok{\'{e}} u{\v{c}}en{\'{i}} technick{\'{e}} v Brn{\v{e}}, Fakulta informa{\v{c}}n{\'{i}}ch technologi{\'{i}}},
      year = {2009},
      location = {Brno, CZ},
      language = {czech},
      url = {https://www.fit.vut.cz/study/thesis/7848/}
    }
